% citations of Smart Citizen book
% https://scholar.google.co.uk/scholar?cites=4944130404309662599&as_sdt=2005&sciodt=0,5&hl=en

@Inbook{Balestrini-2017-OCTT,
  author =	 "Balestrini, Mara and Seiz, Gui and Pe{\~{n}}a, Lucas
                  L. and Camprodon, Guillem",
  editor =	 "Kompatsiaris, Ioannis and Cave, Jonathan and
                  Satsiou, Anna and Carle, Georg and Passani,
                  Antonella and Kontopoulos, Efstratios and Diplaris,
                  Sotiris and McMillan, Donald",
  title =	 "Onboarding Communities to the IoT",
  bookTitle =	 "Internet Science: 4th International Conference,
                  INSCI 2017, Thessaloniki, Greece, November 22-24,
                  2017, Proceedings",
  year =	 2017,
  publisher =	 "Springer International Publishing",
  address =	 "Cham",
  pages =	 "19--27",
  isbn =	 "978-3-319-70284-1",
  doi =		 "10.1007/978-3-319-70284-1_2",
  url =		 "https://doi.org/10.1007/978-3-319-70284-1_2"
}


@article{Burbridge-2017-ILLA,
  title =	 "If Living Labs are the Answer --- What's the
                  Question?  A Review of the Literature",
  journal =	 "Procedia Engineering",
  volume =	 180,
  number =	 "Supplement C",
  pages =	 "1725--1732",
  year =	 2017,
  note =	 "International High-Performance Built Environment
                  Conference --- A Sustainable Built Environment
                  Conference 2016 Series (SBE16), iHBE 2016",
  issn =	 "1877-7058",
  doi =		 "https://doi.org/10.1016/j.proeng.2017.04.335",
  url =          "http://www.sciencedirect.com/science/article/pii/S1877705817318428",
  author =	 "Mike Burbridge",
}

@Online{CoT,
  author =	 {imec},
  title =	 {City of Things},
  year =	 2018,
  url =		 {https://www.imec-int.com/en/cityofthings},
  urldate =	 {2018-01-07}
}

@Online{Crabtree-2016-BAIT,
  author = 	 {Crabtree, Andy and Lodge, Tom and Colley, James and Greenhalgh, Chris and Mortier, Richard},
  title = 	 {Building Accountability into the Internet of Things},
  date = 	 {2016-12-07},
  url = 	 {http://dx.doi.org/10.2139/ssrn.2881876}}

@InProceedings{Davoudpour-2016-SSCF,
  author =	 {M. Davoudpour and A. Sadeghian and H. Rahnama},
  title =	 {Synthesizing social context for making Internet of
                  Things environments more immersive},
  date =	 {2015-09},
  booktitle =	 {6th International Conference on the Network of the
                  Future (NOF)},
  pages =	 {1--5},
  doi =		 {10.1109/NOF.2015.7333282}
}

@article{Evans-2015-LLAC,
  author =	 "James Evans and Ross Jones and Andrew Karvonen and
                  Lucy Millard and Jana Wendler",
  title =	 "Living labs and co-production: university campuses
                  as platforms for sustainability science",
  journal =	 "Current Opinion in Environmental Sustainability",
  volume =	 16,
  number =	 "Supplement C",
  pages =	 "1--6",
  year =	 2015,
  note =	 "Sustainability science",
  issn =	 "1877-3435",
  doi =		 "https://doi.org/10.1016/j.cosust.2015.06.005",
  url =          "http://www.sciencedirect.com/science/article/pii/S1877343515000573",
}

@article{Franz-2015-DSLL,
  author =	 {Yvonne Franz},
  title =	 {Designing social living labs in urban research},
  journaltitle = {info},
  volume =	 {17},
  number =	 {4},
  pages =	 {53--66},
  year =	 {2015},
  doi =		 {10.1108/info-01-2015-0008},
}

@Online{GDPR,
  author =	 {Council of the European Union},
  title =	 {Regulation (EU) 2016/...  of the European Parliament
                  and of the Council of the European Union on the
                  protection of natural persons with regard to the
                  processing of personal data and on the free movement
                  of such data, and repealing Directive 95/46/EC
                  (General Data Protection Regulation)},
  date =	 {2016-05-06},
  url =          {http://data.consilium.europa.eu/doc/document/ST-5419-2016-INIT/en/pdf},
  language =	 {English},
  urldate =	 {2018-01-14}
}


@article{Gaur-2015-SCAA,
  title =	 "Smart City Architecture and its Applications Based
                  on IoT",
  journal =	 "Procedia Computer Science",
  volume =	 "52",
  pages =	 "1089--1094",
  year =	 "2015",
  note =	 "The 6th International Conference on Ambient Systems,
                  Networks and Technologies (ANT-2015), the 5th
                  International Conference on Sustainable Energy
                  Information Technology (SEIT-2015)",
  issn =	 "1877-0509",
  doi =		 "https://doi.org/10.1016/j.procs.2015.05.122",
  url =
                  "http://www.sciencedirect.com/science/article/pii/S1877050915009229",
  author =	 "Aditya Gaur and Bryan Scotney and Gerard Parr and
                  Sally McClean",
}

@article{Gubbi-2013-IOT,
  title =	 {Internet of Things (IoT): A vision, architectural
                  elements, and future directions},
  author =	 {Gubbi, Jayavardhana and Buyya, Rajkumar and Marusic,
                  Slaven and Palaniswami, Marimuthu},
  journal =	 {Future Generation Computer Systems},
  volume =	 {29},
  number =	 {7},
  pages =	 {1645--1660},
  year =	 {2013},
  publisher =	 {Elsevier}
}


@Online{Heidt-2016-PGFT,
  author = 	 {Erik T. Heidt},
  title = 	 {2017 Planning Guide for the Internet of Things},
  date = 	 {2016-10-13},
  url = 	 {https://www.gartner.com/binaries//content/assets/events/keywords/catalyst/catus8/2017_planning_guide_for_the__iot.pdf},
  note = 	 {ID: G00313353},
  urldate = 	 {2018-01-14}
 }

@Collection{Hemment-2013-SC,
  editor = 	 {Drew Hemment and Anthony Townsend},
  title = 	 {Smart Citizens},
  date = 	 2013,
  publisher = {Future Everything},
  location =  {Manchester},
  url = 	 {http://futureeverything.org/wp-content/uploads/2014/03/smartcitizens1.pdf}
 }


@Online{Hemment-2016-HTDU,
  author = 	 {Drew Hemment},
  title = 	 {How to design a useful Internet of Things –-- Introducing human centred design to CityVerve},
  date = 	 {2016-08-05},
  url = 	 {http://futureeverything.org/news/human-centred-design-cityverve/},
  urldate = 	 {2018-01-13}}

@article{Hollands-2015-CIIT,
  author =	 {Hollands, Robert G.},
  title =	 {Critical interventions into the corporate smart
                  city},
  journal =	 {Cambridge Journal of Regions, Economy and Society},
  volume =	 {8},
  number =	 {1},
  pages =	 {61--77},
  year =	 {2015},
  doi =		 {10.1093/cjres/rsu011},
  url =
                  {https://academic.oup.com/cjres/article/8/1/61/303314},
}


@Online{IoT-Strategy,
  author =	 {University of Edinburgh},
  title =	 {Iot Initiative Strategy},
  year =	 2018,
  url =          {http://iot.ed.ac.uk/initiative/#programme-objectives},
  urldate =	 {2018-01-11}
}

@online{IoTLL,
  title =	 {IoT Living Lab},
  url =		 {http://iotlivinglab.com},
  urldate =	 {2018-01-07}
}

@article{Jiang-2002-MPCI,
  title =	 {Modeling privacy control in context-aware systems},
  author =	 {Jiang, Xiaodong and Landay, James A},
  journal =	 {IEEE Pervasive computing},
  volume =	 {1},
  number =	 {3},
  pages =	 {59--63},
  year =	 {2002},
  publisher =	 {IEEE}
}

@Article{Mcfarlane-2017-OASC,
  author = 	 {Colin McFarlane and Ola Söderström},
  title = 	 {On alternative smart cities},
  journaltitle = {City},
  year = 	 2017,
  subtitle =     {From a technology-intensive to a knowledge-intensive smart urbanism},
  number = 	 {3--4},
  pages = 	 {312--328},
  doi = 	 {10.1080/13604813.2017.1327166}}

@Article{Ohara-2016-TSVP,
  author =	 {Kieron O'Hara},
  title =	 {The Seven Veils of Privacy},
  journaltitle = {IEEE Internet Computing},
  date =	 {2016-03},
  volume =	 20,
  issue =	 2,
  pages =	 {86--91},
  doi =		 {10.1109/MIC.2016.34},
  url =		 {http://ieeexplore.ieee.org/document/7436680/}
}

@InProceedings{Puschel-2016-WIAS,
  author = 	 {Louis Püschel and Helen Schlott and Maximilian Röglinger},
  title = 	 {What's in a Smart Thing? Development of a Multi-layer Taxonomy},
  date = 	 2016,
  booktitle = {37th International Conference on Information Systems (ICIS)},
  eventtitle = {Digital Innovation at the Crossroads},
  location =  {Dublin, Ireland},
  url = 	 {http://aisel.aisnet.org/icis2016/DigitalInnovation/Presentations/6/}}

@article{Shin-2014-ASTF,
  title =	 "A socio-technical framework for Internet-of-Things
                  design: A human-centered design for the Internet of
                  Things",
  journaltitle = "Telematics and Informatics",
  volume =	 "31",
  number =	 "4",
  pages =	 "519--531",
  year =	 "2014",
  issn =	 "0736-5853",
  doi =		 "https://doi.org/10.1016/j.tele.2014.02.003",
  author =	 "Donghee Shin",
}

@article{Shin-2017-UTIO,
  author =	 {Dong-Hee Shin and Yong Jin Park},
  title =	 {Understanding the Internet of Things ecosystem:
                  multi-level analysis of users, society, and ecology},
  journaltitle = {Digital Policy, Regulation and Governance},
  volume =	 {19},
  number =	 {1},
  pages =	 {77-100},
  year =	 {2017},
  doi =		 {10.1108/DPRG-07-2016-0035},
}

@InProceedings{Speed-2016-DFWA,
  author =	 {Chris Speed and Jon Oberlander},
  title =	 {Designing from, with and by Data: Introducing the
                  ablative framework},
  booktitle =	 {Proceedings of the Design Research Society 50th
                  Anniversary Conference (DRS 2016), 27--30 June 2016},
  year =	 2016,
  address =	 {Brighton, UK},
  url =		 {http://www.drs2016.org/s/433-Speed.pdf},
}

@InCollection{Ziegler-2017-CIOT,
  author =	 {Sébastien Ziegler and Cedric Crettaz and Michael
                  Hazan and Panagiotis Alexandrou and Gabriel Filios
                  and Sotiris Nikoletseas and Theofanis P. Raptis and
                  Xenia Ziouvelou and Frank McGroarty and Aleksandra
                  Rankov and Srdjan Krćo and Constantinos Marios
                  Angelopoulos and Orestis Evangelatos and Marios
                  Karagiannis and Jose Rolim and Nikolaos Loumis},
  title =	 {Combining Internet of Things and Crowdsourcing for
                  Pervasive Research and End-user Centric Experimental
                  Infrastructures (IoT Lab)},
  date =	 {2016-01},
  booktitle =	 {Building the Future Internet through {FIRE}},
  editor =	 {Martin Serrano and Nikolaos Isaris and Hans
                  Schaffers and John Domingue and Michael Boniface and
                  Thanasis Korakis},
  booksubtitle = {A Research and Experiment based Approach},
  publisher =	 {River Publishers},
  isbn =	 9788793519121,
  chapter =	 11,
  pages =	 {323--354},
  doi =		 {10.13052/rp-9788793519114},
  eprint =
                  {http://www.riverpublishers.com/pdf/ebook/chapter/RP_9788793519114C11.pdf}
}

@Inbook{Kopetz-2011-IOT,
  author =	 "Kopetz, Hermann",
  title =	 "Internet of Things",
  booktitle =	 "Real-Time Systems",
  booksubtitle = "Design Principles for Distributed Embedded Applications",
  year =	 "2011",
  publisher =	 "Springer US",
  address =	 "Boston, MA",
  pages =	 "307--323",
  isbn =	 "978-1-4419-8237-7",
  doi =		 "10.1007/978-1-4419-8237-7_13",
}

@InBook{Schaffers-2017-EWTF,
  title =	 {Experimenting with the Future Internet for Smarter
                  Cities},
  date =	 {2015-01},
  author =	 {Hans Schaffers},
  booktitle =	 {Orchestrating Regional Innovation Ecosystems},
  editor =	 {P. Lappalainen and M. Markkula and H. Kune},
  publisher =	 {Aalto University with Laurea University of Applied
                  Sciences and Built Environment Innovations RYM Ltd},
  chapter =	 27,
}

@article {Leminem-2013-CAPI,
  title =	 {Coordination and Participation in Living Lab
                  Networks},
  journaltitle = {Technology Innovation Management Review},
  volume =	 {3},
  year =	 {2013},
  month =	 {11/2013},
  pages =	 {5--14},
  publisher =	 {Talent First Network},
  address =	 {Ottawa},
  issn =	 {1927-0321},
  url =		 {http://timreview.ca/article/740},
  author =	 {Seppo Leminen}
}
